@inproceedings{NEURIPS2021_854d9fca,
 author = {Han, Kai and Xiao, An and Wu, Enhua and Guo, Jianyuan and XU, Chunjing and Wang, Yunhe},
 booktitle = {Advances in Neural Information Processing Systems},
 editor = {M. Ranzato and A. Beygelzimer and Y. Dauphin and P.S. Liang and J. Wortman Vaughan},
 pages = {15908--15919},
 publisher = {Curran Associates, Inc.},
 title = {Transformer in Transformer},
 url = {https://proceedings.neurips.cc/paper_files/paper/2021/file/854d9fca60b4bd07f9bb215d59ef5561-Paper.pdf},
 volume = {34},
 year = {2021}
}
