@article{roter2020predicting,
  title={Predicting new superconductors and their critical temperatures using machine learning},
  author={Roter, B and Dordevic, Sasa Vladislav},
  journal={Physica C: Superconductivity and its applications},
  volume={575},
  pages={1353689},
  year={2020},
  publisher={Elsevier}
}

@article{Bassman_Oftelie_2024,
   title={Dynamic Cooling on Contemporary Quantum Computers},
   volume={5},
   ISSN={2691-3399},
   url={http://dx.doi.org/10.1103/PRXQuantum.5.030309},
   DOI={10.1103/prxquantum.5.030309},
   number={3},
   journal={PRX Quantum},
   publisher={American Physical Society (APS)},
   author={Bassman Oftelie, Lindsay and De Pasquale, Antonella and Campisi, Michele},
   year={2024},
   month=jul 
}

@article{gonzalez2013almacenamiento,
  title={Almacenamiento de energ{\'\i}a magn{\'e}tica por superconducci{\'o}n},
  author={Gonz{\'a}lez, Guadalupe},
  year={2013}
}

@article{sarajcev2000calculation,
  title={Calculation of losses in electric power cables as the base for cable temperature analysis},
  author={Sarajcev, I and Majstrovic, M and Medic, Ivan},
  journal={WIT Transactions on Engineering Sciences},
  volume={27},
  year={2000},
  publisher={WIT Press}
}

@article{coll2017superconductividad,
  title={Superconductividad},
  author={Coll, Mariona and Palau, Anna},
  year={2017},
  publisher={Real Sociedad Espa{\~n}ola de F{\'\i}sica}
}

@misc{tunguz_superconductivity_dataset,
  author = {Tunguz},
  title = {Superconductivity Data Dataset},
  year = {2020},
  howpublished = {\url{https://www.kaggle.com/datasets/tunguz/superconductivty-data-data-set/code}},
  note = {Ãšltimo acceso: 19 de noviembre de 2024}
}